% ------------------------------------------------------------------------
% BIBLIOGRAFIA
% ------------------------------------------------------------------------

@online{www:androidstudio,
  TITLE =        {Strona Android Studio},
  URL =    		 {https://developer.android.com/studio?hl=pl},
  year =		 {2024-04-17}
}

@online{www:kotlin,
  TITLE =        {Strona języka Kotlin},
  URL =    		 {https://kotlinlang.org/},
  year =		 {2024-04-17},
}

@online{www:sqlite,
  TITLE =        {Strona SQlite},
  URL =    		 {https://www.sqlite.org/},
  year =		 {2024-04-17}
}

@book{nowak2010,
  author = {Nowak, Jan},
  year = {2010},
  title = {Praca jednego autora},
  publisher = {Wydawnictwo A},
}

@book{nowakKowalski2010,
  author = {Nowak, Jan and Kowalski, Adam},
  year = {2010},
  title = {Praca dwóch autorów},
  publisher = {Wydawnictwo B},
}

@book{nowakKowalskiIksinska2010,
  author = {Nowak, Jan and Kowalski, Adam and Iksińska, Maria},
  year = {2010},
  title = {Praca trzech autorów},
  publisher = {Wydawnictwo C},
}

@book{nowakEtAl2011,
  author = {Nowak, Jan and Kowalski, Adam and Iksińska, Maria and Inny, Piotr},
  year = {2011},
  title = {Praca czterech i więcej autorów},
  publisher = {Wydawnictwo D},
}

@misc{ncn2011,
  author = {{Narodowe Centrum Nauki}},
  title = {Tytuł dokumentu},
  year = {2024},
  publisher = {Wydawnictwo D},
  nameaddon = {NCN},
}
